@inproceedings{rozwood2023koopman,
  title={Koopman-Assisted Reinforcement Learning},
  author={Rozwood, Preston and Mehrez, Edward and Paehler, Ludger and Sun, Wen and Brunton, Steven},
  booktitle={NeurIPS 2023 AI for Science Workshop},
  year={2023}
},
@article{shi2022deep,
  title={Deep Koopman operator with control for nonlinear systems},
  author={Shi, Haojie and Meng, Max Q-H},
  journal={IEEE Robotics and Automation Letters},
  volume={7},
  number={3},
  pages={7700--7707},
  year={2022},
  publisher={IEEE}
},
